<?xml version="1.0" encoding="UTF-8"?><collection xmlns="http://www.loc.gov/MARC21/slim"><record><leader>00427nam--2200145-i-4500</leader><controlfield tag="001">000026679</controlfield><controlfield tag="002">20161230</controlfield><controlfield tag="005">20161230201036</controlfield><controlfield tag="008">060222s1000------------r-----000-0-eng-d</controlfield><datafield ind1=" " ind2=" " tag="080"><subfield code="a">621.38</subfield></datafield><datafield ind1=" " ind2=" " tag="100"><subfield code="a">Kleen, Werner</subfield></datafield><datafield ind1=" " ind2=" " tag="245"><subfield code="a">Einfuhrung in die mikrowellen-elektronik. teil 1: grundlagen</subfield></datafield><datafield ind1=" " ind2=" " tag="260"><subfield code="a">Stuttgart, S.Hirzel Verlag, 1952, Xix + 300p</subfield></datafield><datafield ind1=" " ind2=" " tag="490"><subfield code="a">Monographien Der Elektrischen Nachrichtentechnik</subfield></datafield><datafield ind1=" " ind2=" " tag="852"><subfield code="a">10220</subfield></datafield></record></collection>